@ARTICLE{ARTICLE:1,
	AUTHOR = "Matt Luongo and Corbin Pon",
	TITLE = "The Keep Network: A Privacy Layer for Public Blockchains",
	YEAR = "2017"
}

@ARTICLE{ARTICLE:2,
	AUTHOR = "Guy Zyskind and Oz Nathan and Alex Pentland",
	TITLE = "Enigma: Decentralized Computation Platform with Guaranteed Privacy",
	YEAR = "2017"
}

@ARTICLE{ARTICLE:3,
	AUTHOR = "Satoshi Nakamoto",
	TITLE = "Bitcoin: A Peer-to-Peer Electronic Cash System",
	MONTH = "Ottobre",
	YEAR = "2008"
}

@MISC{WEBSITE:1,
	HOWPUBLISHED = "\url{https://w3c-ccg.github.io/did-spec/#did-documents}",
	AUTHOR = "w3c",
	TITLE = "Decentralized Identifiers (DIDs)",
	MONTH = "Agosto",
	YEAR = "2018"
}

@MISC{WEBSITE:2,
	HOWPUBLISHED = "\url{https://medium.com/uport/privacy-preserving-identity-system-for-ethereum-dapps-a3352d1a93e8}",
	AUTHOR = "Michael Sena",
	TITLE = "Privacy Preserving Identity System for Ethereum dApps",
	MONTH = "Aprile",
	YEAR = "2018"
}

@MISC{WEBSITE:3,
	HOWPUBLISHED = "\url{https://medium.com/uport/preparing-your-apps-for-our-new-standards-based-identity-architecture-41c9a55b1dfc}",
	AUTHOR = "Pelle Braendgaard",
	TITLE = "Preparing your apps for our new Standards based Identity Architecture",
	MONTH = "Luglio",
	YEAR = "2018"
}

@MISC{WEBSITE:4,
	HOWPUBLISHED = "\url{https://anders.com/blockchain/}",
	AUTHOR = "Anders Brownworth"
}

@MISC{WEBSITE:5,
	HOWPUBLISHED = "\url{https://github.com/ethereumbook/ethereumbook}",
	AUTHOR = "Andreas M. Antonoupoulos e Gavin Wood",
	TITLE = "Mastering Ethereum"
}

@MISC{WEBSITE:6,
	HOWPUBLISHED = "\url{https://www.coindesk.com/wedbush-report-projects-400-bitcoin-price-by-2016/}",
	AUTHOR = "Pete Rizzo",
	TITLE = "Wedbush Report Projects 400USD Bitcoin Price By 2016",
	MONTH = "Luglio",
	YEAR = "2015"
}

@MISC{WEBSITE:7,
	HOWPUBLISHED = "\url{https://www.coindesk.com/ibm-reveals-proof-concept-blockchain-powered-internet-things/}",
	AUTHOR = "Stan Higgins",
	TITLE = "IBM Reveals Proof of Concept for Blockchain-Powered Internet of Things",
	MONTH = "Gennaio",
	YEAR = "2015"
}

@MISC{WEBSITE:8,
	HOWPUBLISHED = "\url{https://github.com/ethereum/wiki/wiki/Proof-of-Stake-FAQs#what-are-the-benefits-of-proof-of-stake-as-opposed-to-proof-of-work}",
	YEAR = "2018"
}

@MISC{WEBSITE:9,
	HOWPUBLISHED = "\url{https://www.bbc.com/news/technology-42237162}",
	AUTHOR = "BBC",
	TITLE = "CryptoKitties craze slows down transactions on Ethereum",
	MONTH = "Dicembre",
	YEAR = "2017"
}

@MISC{WEBSITE:10,
	HOWPUBLISHED = "\url{https://usa.visa.com/dam/VCOM/download/corporate/media/visanet-technology/visa-net-booklet.pdf}",
	AUTHOR = "VISA",
	YEAR = "2018"
}

